<record><leader>00000cas a22000007a 4500</leader><controlfield tag="001">27134298</controlfield><controlfield tag="008">921217d19uu19uucauwr ne      0    0eng d</controlfield><datafield ind1=" " ind2=" " tag="010"><subfield code="a">sn 92060619 </subfield></datafield><datafield ind1=" " ind2=" " tag="040"><subfield code="a">YOX</subfield><subfield code="b">eng</subfield><subfield code="c">YOX</subfield><subfield code="d">CNK</subfield><subfield code="d">OCLCQ</subfield><subfield code="d">OCLCF</subfield><subfield code="d">OCLCO</subfield></datafield><datafield ind1="1" ind2=" " tag="029"><subfield code="a">AU@</subfield><subfield code="b">000020717613</subfield></datafield><datafield ind1=" " ind2=" " tag="042"><subfield code="a">msc</subfield></datafield><datafield ind1=" " ind2=" " tag="043"><subfield code="a">n-us-ca</subfield></datafield><datafield ind1="0" ind2=" " tag="130"><subfield code="a">Tri-city labor review (Oakland, Calif.)</subfield></datafield><datafield ind1="1" ind2="4" tag="245"><subfield code="a">The Tri-city labor review.</subfield></datafield><datafield ind1=" " ind2=" " tag="260"><subfield code="a">Oakland, Calif. :</subfield><subfield code="b">[s.n.]</subfield></datafield><datafield ind1=" " ind2=" " tag="300"><subfield code="a">v.</subfield></datafield><datafield ind1=" " ind2=" " tag="310"><subfield code="a">Weekly</subfield></datafield><datafield ind1=" " ind2=" " tag="500"><subfield code="a">On masthead: "Oakland-Berkeley-Alameda."</subfield></datafield><datafield ind1=" " ind2=" " tag="500"><subfield code="a">"Devoted to the general welfare of the East Bay section."</subfield></datafield><datafield ind1=" " ind2=" " tag="500"><subfield code="a">Published by: Review Pub. Co., Sept. 19, 1919-&lt;Apr. 2, 1920&gt;.</subfield></datafield><datafield ind1=" " ind2=" " tag="550"><subfield code="a">Official organ of the Central Labor and Buildings Trades Councils of Alameda County, 1912-1913.</subfield></datafield><datafield ind1=" " ind2=" " tag="550"><subfield code="a">Official Organ of the Central Labor Council of Alameda County, &lt;Apr. 6, 1917&gt;-Dec. 13, 1918.</subfield></datafield><datafield ind1=" " ind2=" " tag="550"><subfield code="a">Official Organ of the Central Labor Councils of Alameda and Contra Costa Counties, Dec. 20, 1918-&lt;Apr. 2, 1920&gt;.</subfield></datafield><datafield ind1=" " ind2=" " tag="550"><subfield code="a">Official Organ of the Metal Trades Council of Alameda and Contra Costa Counties, Oct. 10, 1919-&lt;Apr. 2, 1920&gt;.</subfield></datafield><datafield ind1=" " ind2=" " tag="588"><subfield code="a">Description based on: Vol. 3, no. 41 (Nov. 29, 1912).</subfield></datafield><datafield ind1=" " ind2="0" tag="650"><subfield code="a">Labor movement</subfield><subfield code="z">California</subfield><subfield code="v">Newspapers.</subfield></datafield><datafield ind1=" " ind2="0" tag="651"><subfield code="a">Alameda County (Calif.)</subfield><subfield code="v">Newspapers.</subfield></datafield><datafield ind1=" " ind2="0" tag="651"><subfield code="a">Contra Costa County (Calif.)</subfield><subfield code="v">Newspapers.</subfield></datafield><datafield ind1=" " ind2="7" tag="655"><subfield code="a">Newspapers.</subfield><subfield code="2">fast</subfield><subfield code="0">(OCoLC)fst01423814</subfield></datafield><datafield ind1=" " ind2="7" tag="650"><subfield code="a">Labor movement.</subfield><subfield code="2">fast</subfield><subfield code="0">(OCoLC)fst00990079</subfield></datafield><datafield ind1=" " ind2="7" tag="651"><subfield code="a">California.</subfield><subfield code="2">fast</subfield><subfield code="0">(OCoLC)fst01204928</subfield></datafield><datafield ind1=" " ind2="7" tag="651"><subfield code="a">California</subfield><subfield code="z">Alameda County.</subfield><subfield code="2">fast</subfield><subfield code="0">(OCoLC)fst01205577</subfield></datafield><datafield ind1=" " ind2="7" tag="651"><subfield code="a">California</subfield><subfield code="z">Contra Costa County.</subfield><subfield code="2">fast</subfield><subfield code="0">(OCoLC)fst01206185</subfield></datafield><datafield ind1="2" ind2=" " tag="710"><subfield code="a">Central Labor Council (Alameda Co., Calif.)</subfield></datafield><datafield ind1="2" ind2=" " tag="710"><subfield code="a">Buildings Trades Council (Alameda Co., Calif.)</subfield></datafield><datafield ind1=" " ind2=" " tag="752"><subfield code="a">United States</subfield><subfield code="b">California</subfield><subfield code="c">Alameda</subfield><subfield code="d">Oakland.</subfield></datafield></record>